<?xml version="1.0" encoding="UTF-8"?><collection xmlns="http://www.loc.gov/MARC21/slim"><record><leader>00522nam--2200145-i-4500</leader><controlfield tag="001">000011177</controlfield><controlfield tag="002">20161230</controlfield><controlfield tag="005">20170208125646</controlfield><controlfield tag="008">060222s1000------------r-----000-0-eng-d</controlfield><datafield ind1=" " ind2=" " tag="100"><subfield code="a">Carlile, C. J</subfield></datafield><datafield ind1=" " ind2=" " tag="245"><subfield code="a">Spectrum correction factors for sample holder and self-shielding effects for planar samples in thermal neutron scattering studies</subfield></datafield><datafield ind1=" " ind2=" " tag="260"><subfield code="a">Chilton, Didcot, Oxon</subfield><subfield code="b">Neutron Beam Research Unit, Rutherford Laboratory</subfield><subfield code="c">1954</subfield></datafield><datafield ind1=" " ind2=" " tag="300"><subfield code="a">8 p. + 3 p.Fig</subfield></datafield><datafield ind1=" " ind2=" " tag="852"><subfield code="a">539.171.4(047.1)</subfield></datafield><datafield ind1=" " ind2=" " tag="CAT"><subfield code="a">SYS</subfield><subfield code="c">20170208</subfield><subfield code="h">125646</subfield></datafield></record></collection>